<?xml version="1.0" encoding="utf-8"?>
<record xmlns="http://www.loc.gov/MARC21/slim" xmlns:xsi="http://www.w3.org/2001/XMLSchema-instance" xsi:schemaLocation="http://www.loc.gov/MARC21/slim http://www.loc.gov/standards/marcxml/schema/MARC21slim.xsd">
	<leader>     nam a22        4500</leader>
	<controlfield tag="001">774923</controlfield>
	<controlfield tag="003">NjP</controlfield>
	<controlfield tag="006">m        d        </controlfield>
	<controlfield tag="007">cr cn |||m|||a</controlfield>
	<controlfield tag="008">160323s1892    ti      o     000 0 ara d</controlfield>
	<datafield ind1=" " ind2=" " tag="040">
		<subfield code="a">NNU</subfield>
		<subfield code="b">eng</subfield>
		<subfield code="e">rda</subfield>
		<subfield code="c">NNU</subfield>
	</datafield>
	<datafield ind1="1" ind2=" " tag="100">
		<subfield code="a">Ibn ʻAzzūz, Muḥammad Makkī ibn Muṣṭafá,</subfield>
		<subfield code="d">1853 or 1854-1915 or 1916.</subfield>
	</datafield>
	<datafield ind1="1" ind2="0" tag="240">
		<subfield code="a">Sayf al-rabbānī fī ʻunuq al-muʻtariḍ ʻalá al-Ghawth al-Jīlānī</subfield>
	</datafield>
	<datafield ind1="1" ind2="0" tag="245">
		<subfield code="a">Hādhihi risālah mawsūmah bi-al-Sayf al-rabbānī fī ʻunuq al-muʻtariḍ ʻalá al-Ghawth al-Jīlānī /</subfield>
		<subfield code="c">taʼlīf Muḥammad Makkī ibn Muṣṭafá ibn ʻAzzūz.</subfield>
	</datafield>
	<datafield ind1="3" ind2=" " tag="246">
		<subfield code="a">Sayf al-rabbānī fī ʻunuq al-muʻtariḍ ʻalá al-Ghawth al-Jīlānī</subfield>
	</datafield>
	<datafield ind1=" " ind2=" " tag="260">
		<subfield code="a">[Tunis] :</subfield>
		<subfield code="b">al-Maṭbaʻah al-Rasmīyah al-Tūnisīyah,</subfield>
		<subfield code="c">1310 [1892 or 1893]</subfield>
	</datafield>
	<datafield ind1=" " ind2=" " tag="300">
		<subfield code="a">online resource (184 pages)</subfield>
	</datafield>
	<datafield ind1=" " ind2=" " tag="336">
		<subfield code="a">text</subfield>
		<subfield code="2">rdacontent</subfield>
	</datafield>
	<datafield ind1=" " ind2=" " tag="337">
		<subfield code="a">computer</subfield>
		<subfield code="2">rdamedia</subfield>
	</datafield>
	<datafield ind1=" " ind2=" " tag="338">
		<subfield code="a">online resource</subfield>
		<subfield code="2">rdacarrier</subfield>
	</datafield>
	<datafield ind1=" " ind2=" " tag="500">
		<subfield code="a">Part of the Arabic Collections Online (ACO) project, contributed by Princeton University Libraries.</subfield>
	</datafield>
	<datafield ind1=" " ind2=" " tag="533">
		<subfield code="a">Electronic reproduction.</subfield>
		<subfield code="b">New York, N.Y. :</subfield>
		<subfield code="c">New York University,</subfield>
		<subfield code="d">2016.</subfield>
		<subfield code="5">NNU</subfield>
	</datafield>
	<datafield ind1="0" ind2="0" tag="600">
		<subfield code="a">ʻAbd al-Qādir al-Jīlānī,</subfield>
		<subfield code="d">-1166.</subfield>
	</datafield>
	<datafield ind1="0" ind2="7" tag="600">
		<subfield code="a">ʻAbd al-Qādir al-Jīlānī,</subfield>
		<subfield code="d">-1166.</subfield>
		<subfield code="2">fast</subfield>
		<subfield code="0">(OCoLC)fst01803094</subfield>
	</datafield>
	<datafield ind1="2" ind2=" " tag="710">
		<subfield code="a">Princeton University.</subfield>
		<subfield code="b">Library.</subfield>
	</datafield>
	<datafield ind1="0" ind2=" " tag="730">
		<subfield code="a">Arabic Collections Online.</subfield>
	</datafield>
	<datafield ind1="0" ind2="8" tag="776">
		<subfield code="i">Print version:</subfield>
		<subfield code="a">Ibn ʻAzzūz, Muḥammad Makkī ibn Muṣṭafá, 1853 or 1854-1915 or 1916.</subfield>
		<subfield code="t">Hādhihi risālah mawsūmah bi-al-Sayf al-rabbānī fī ʻunuq al-muʻtariḍ ʻalá al-Ghawth al-Jīlānī</subfield>
		<subfield code="w">(NjP)774923</subfield>
		<subfield code="w">(OCoLC)27152111</subfield>
	</datafield>
	<datafield ind1="4" ind2="0" tag="856">
		<subfield code="u">http://hdl.handle.net/2333.1/b2rbp39c</subfield>
	</datafield>
	<datafield ind1=" " ind2=" " tag="959">
		<subfield code="a">NNU</subfield>
		<subfield code="b">WEB</subfield>
		<subfield code="c">GENI</subfield>
		<subfield code="t">0</subfield>
		<subfield code="m">Electronic access</subfield>
		<subfield code="s">01</subfield>
	</datafield>
	<datafield ind1=" " ind2=" " tag="999">
		<subfield code="i">NjP_774923</subfield>
		<subfield code="o">(OCoLC)ocm27152111 </subfield>
		<subfield code="s">princeton_aco000258</subfield>
		<subfield code="e">(ERROR-880)</subfield>
	</datafield>
</record>
